@book{yang_2014, place={London}, title={Wireless Sensor Networks Principles, Design and Applications}, publisher={Springer London Ltd}, author={Yang, Shuang-Hua}, year={2014}}
